@online{Inselect,
  author = {Natural History Museum's Biodiversity Informatics Group},
  title = {{Inselect} Automated segmentation of scanned specimen images},
  year = 2014,
  url = {http://naturalhistorymuseum.github.io/inselect/},
  urldate = {2015-08-15}
}

@ARTICLE{Pappas, 
  author={Pappas, T.N.}, 
  journal={Signal Processing, IEEE Transactions on}, 
  title={An adaptive clustering algorithm for image segmentation}, 
  year={1992}, 
  month={Apr}, 
  volume={40}, 
  number={4}, 
  pages={901-914}, 
  keywords={iterative methods;picture processing;Gibbs random field model;K-means clustering algorithm;adaptive clustering algorithm;aerial photographs;averaging;buildings;faces;hierarchical implementation;image recognition;image segmentation;industrial objects;iterative procedure;local intensity variations;optical characters;sliding window;spatial constraints;Character recognition;Clustering algorithms;Computer displays;Face recognition;Image recognition;Image segmentation;Iterative algorithms;Noise shaping;Pixel;Signal processing algorithms}, 
  doi={10.1109/78.127962}, 
  ISSN={1053-587X}
}

@ARTICLE{turagal,
  title={Convolutional networks can learn to generate affinity graphs for image segmentation},
  author={Turaga, Srinivas C and Murray, Joseph F and Jain, Viren and Roth, Fabian and Helmstaedter, Moritz and Briggman, Kevin and Denk, Winfried and Seung, H Sebastian},
  journal={Neural Computation},
  volume={22},
  number={2},
  pages={511--538},
  year={2010},
  publisher={MIT Press}
}

@article{opencv_library,
    author = {Bradski, G.},
    citeulike-article-id = {2236121},
    journal = {Dr. Dobb's Journal of Software Tools},
    keywords = {bibtex-import},
    posted-at = {2008-01-15 19:21:54},
    priority = {4},
    title = ,
    year = {2000}
}